@inproceedings{
pyarelal2023the,
title={The To{MCAT} Dataset},
author={Adarsh Pyarelal and Eric Duong and Caleb Jones Shibu and Paulo Soares and Savannah Boyd and Payal Khosla and Valeria Pfeifer and Diheng Zhang and Eric S Andrews and Rick Champlin and Vincent Paul Raymond and Meghavarshini Krishnaswamy and Clayton Morrison and Emily Butler and Kobus Barnard},
booktitle={Thirty-seventh Conference on Neural Information Processing Systems Datasets and Benchmarks Track},
year={2023},
url={https://openreview.net/forum?id=ZJWQfgXQb6}
}

@article{ref1, 
    address={Framingham}, 
    title={High-Speed Development: Lotus F1's IT team made a technology pit stop and changed from a traditional application development strategy to an agile approach. Why shift gears? The pit crew and car designer wanted better data faster -- and IT wasn't about to pass on the opportunity}, 
    volume={26}, 
    ISSN={0894-9301}, 
    number={2}, 
    journal={CIO}, 
    publisher={Foundry}, 
    author={Nash, Kim S}, 
    year={2012}, 
    keywords={Automobile racing; 
    language={eng} }
}

@InProceedings{ref2,
  title={Evolutionary F1 Race Strategy},
  author={Bonomi, Andrea and Turri, Evelyn and Iacca, Giovanni},
  booktitle={Proceedings of the Companion Conference on Genetic and Evolutionary Computation},
  pages={1925--1932},
  year={2023}
}

@online {ref3,
    title = {Data-Base},
    url={https://ergast.com/mrd/}
}

@online{ref4,
  author = {Breiman, Leo},
  title = {Random Forests},
  howpublished = {\url{https://pages.cs.wisc.edu/~matthewb/pages/notes/pdf/ensembles/RandomForests.pdf}},
}

@book{ref5,
  title={Data Preparation for Machine Learning: Data Cleaning, Feature Selection, and Data Transforms in Python},
  author={Brownlee, J.},
  year={2020}
}

@misc{ref6,
  title = {Principal Component Analysis (PCA)},
  author = {{GeeksforGeeks}},
  howpublished = {\url{https://www.geeksforgeeks.org/principal-component-analysis-pca/}},
}

@online{ref7,
  title = {Grid Search: Exhaustive Search Over Specified Parameter Values for an Estimator},
  author = {{Scikit-learn Contributors}},
  year = {Year not provided},
  url = {https://scikit-learn.org/stable/modules/grid_search.html},
}




@article{ref8,
  title={Virtual Strategy Engineer: Using Artificial Neural Networks for Making Race Strategy Decisions in Circuit Motorsport},
  author={Heilmeier, A. and Thomaser, A. and Graf, M. and Betz, J.},
  journal={Applied Sciences},
  volume={10},
  number={21},
  pages={7805},
  year={2020},
  url={https://www.mdpi.com/2076-3417/10/21/7805},
}

